<record><leader>00000cas a2200000 a 4500</leader><controlfield tag="001">11082708</controlfield><controlfield tag="007">hd afb---buuu</controlfield><controlfield tag="008">840823d187u1882inuwr ne      0    0eng c</controlfield><datafield ind1=" " ind2=" " tag="010"><subfield code="a">sn 84023933 </subfield></datafield><datafield ind1=" " ind2=" " tag="040"><subfield code="a">AQM</subfield><subfield code="b">eng</subfield><subfield code="c">AQM</subfield><subfield code="d">P4I</subfield><subfield code="d">OCLCQ</subfield><subfield code="d">OCLCF</subfield><subfield code="d">OCLCO</subfield><subfield code="d">IUL</subfield><subfield code="d">OCL</subfield></datafield><datafield ind1=" " ind2=" " tag="042"><subfield code="a">pcc</subfield></datafield><datafield ind1=" " ind2=" " tag="043"><subfield code="a">n-us-in</subfield></datafield><datafield ind1="0" ind2="4" tag="245"><subfield code="a">The Greencastle star.</subfield></datafield><datafield ind1=" " ind2=" " tag="260"><subfield code="a">Greencastle, Ind. :</subfield><subfield code="b">Frank A. Arnold</subfield></datafield><datafield ind1=" " ind2=" " tag="300"><subfield code="a">volumes</subfield></datafield><datafield ind1=" " ind2=" " tag="310"><subfield code="a">Weekly</subfield></datafield><datafield ind1="1" ind2=" " tag="362"><subfield code="a">Ceased in 1882.</subfield></datafield><datafield ind1=" " ind2=" " tag="588"><subfield code="a">Description based on: Vol. 4, no. 18 (Aug. 26, 1876); title from masthead.</subfield></datafield><datafield ind1=" " ind2=" " tag="588"><subfield code="a">Latest issue consulted: Vol. 7, no. 36 (December 27, 1879); U.S. Newspaper Archive (viewed Aug. 21, 2017).</subfield></datafield><datafield ind1=" " ind2="0" tag="651"><subfield code="a">Greencastle (Ind.)</subfield><subfield code="v">Newspapers.</subfield></datafield><datafield ind1=" " ind2="0" tag="651"><subfield code="a">Putnam County (Ind.)</subfield><subfield code="v">Newspapers.</subfield></datafield><datafield ind1=" " ind2="7" tag="651"><subfield code="a">Indiana</subfield><subfield code="z">Greencastle.</subfield><subfield code="2">fast</subfield><subfield code="0">(OCoLC)fst01206132</subfield></datafield><datafield ind1=" " ind2="7" tag="651"><subfield code="a">Indiana</subfield><subfield code="z">Putnam County.</subfield><subfield code="2">fast</subfield><subfield code="0">(OCoLC)fst01218230</subfield></datafield><datafield ind1=" " ind2="7" tag="655"><subfield code="a">Newspapers.</subfield><subfield code="2">fast</subfield><subfield code="0">(OCoLC)fst01423814</subfield></datafield><datafield ind1=" " ind2="7" tag="655"><subfield code="a">Newspapers.</subfield><subfield code="2">rbgenr</subfield></datafield><datafield ind1=" " ind2=" " tag="752"><subfield code="a">United States</subfield><subfield code="b">Indiana</subfield><subfield code="c">Putnam</subfield><subfield code="d">Greencastle.</subfield></datafield><datafield ind1="0" ind2="0" tag="780"><subfield code="t">Star (Greencastle, Ind.)</subfield><subfield code="w">(DLC)sn 86058071</subfield><subfield code="w">(OCoLC)13408059</subfield></datafield><datafield ind1="0" ind2="7" tag="785"><subfield code="t">Press (Greencastle, Ind. : 1881)</subfield><subfield code="w">(DLC)sn 87055014</subfield><subfield code="w">(OCoLC)15028162</subfield></datafield><datafield ind1="0" ind2="7" tag="785"><subfield code="t">Greencastle star-press</subfield><subfield code="w">(DLC)sn 86058072</subfield><subfield code="w">(OCoLC)13408093</subfield></datafield><datafield ind1="4" ind2="1" tag="856"><subfield code="u">https://access.newspaperarchive.com/us/indiana/greencastle/greencastle-star/</subfield></datafield></record>